@article{reissmann,
  title={Correlation and consolidation of distributed logging data in enterprise clouds},
  author={Reissmann, Sven and Frisch, Dustin and Pape, Christian and Rieger, Sebastian},
  journal={International Journal on Advances in Internet Technology Volume 7, Number 1 \& 2, 2014},
  year={2014}
}
@book{francia,
  title={Computer and Network Security Essentials},
  author={Francia, Guillermo and Ertaul, Levent and Encinas, Luis Hernandez and El-Sheikh, Eman},
  year={2017},
  publisher={Springer}
}
@inproceedings{bou,
  title={Behavioral analytics for inferring large-scale orchestrated probing events},
  author={Bou-Harb, Elias and Debbabi, Mourad and Assi, Chadi},
  booktitle={Computer Communications Workshops (INFOCOM WKSHPS), 2014 IEEE Conference on},
  pages={506--511},
  year={2014},
  organization={IEEE}
}
@article{kleindienst,
  title={Building a real-world logging infrastructure with Logstash, Elasticsearch and Kibana},
  author={Kleindienst, Patrick},
  year={2016},
  organization={Stuttgart Media University}
}
@book{bsi-lagebericht,
    title = {Die Lage der IT-Sicherheit in Deutschland 2017},
    author = {Bundesamt für Sicherheit in der Informationstechnik (BSI)},
    institution = {Bundesamt für Sicherheit in der Informationstechnik (BSI)}
}
@article{web_ncaz,
    author = {Bundesamt für Sicherheit in der Informationstechnik (BSI)},
    title =   
    "\url{https://www.bsi.bund.de/DE/Themen/Cyber-Sicherheit/Aktivitaeten/Cyber-Abwehrzentrum/cyberabwehrzentrum_node.html}",
    note = {Abrufdatum: 03.06.2018}
}
@article{web_lagezentrum,
    author = {Bundesamt für Sicherheit in der Informationstechnik (BSI)},
    title =   
    "\url{https://www.bsi.bund.de/DE/Themen/Cyber-Sicherheit/Aktivitaeten/IT-Lagezentrum/itlagezentrum_node.html}",
    note = {Abrufdatum: 03.06.2018}
}
@article{web_ix,
    author = {IX Magazin für professionelle Informationstechnik},
    title = "\url{https://www.heise.de/ix/meldung/Umfrage-Cloud-kannt-teuer-werden-4072912.html}",
    publisher={Heise},
    note = {Abrufdatum: 08.06.2018}
}
@article{rfc5424,
    author = {R. Gerhards},
    title = "\url{https://tools.ietf.org/html/rfc5424}",
    publisher={ietf},
    year={2009}
}



